<record><leader>00000cas a2200000 a 4500</leader><controlfield tag="001">56757842</controlfield><controlfield tag="008">041018u19uuuuuunyuwr ne      0    0araoc</controlfield><datafield ind1=" " ind2=" " tag="010"><subfield code="a">  2004223336</subfield></datafield><datafield ind1=" " ind2=" " tag="040"><subfield code="a">CLU</subfield><subfield code="b">eng</subfield><subfield code="c">CLU</subfield><subfield code="d">OCLCQ</subfield><subfield code="d">OCLCF</subfield><subfield code="d">OCLCO</subfield></datafield><datafield ind1=" " ind2=" " tag="066"><subfield code="c">(3</subfield></datafield><datafield ind1="1" ind2=" " tag="029"><subfield code="a">AU@</subfield><subfield code="b">000026310388</subfield></datafield><datafield ind1=" " ind2=" " tag="042"><subfield code="a">pcc</subfield></datafield><datafield ind1=" " ind2=" " tag="043"><subfield code="a">ma-----</subfield></datafield><datafield ind1="0" ind2="0" tag="245"><subfield code="6">880-01</subfield><subfield code="a">&#699;Arab bu&#772;st =</subfield><subfield code="b">Arab post.</subfield></datafield><datafield ind1="3" ind2="1" tag="246"><subfield code="a">Arab post</subfield></datafield><datafield ind1=" " ind2=" " tag="260"><subfield code="a">Astoria, NY :</subfield><subfield code="b">&#699;Arab bu&#772;st</subfield></datafield><datafield ind1=" " ind2=" " tag="300"><subfield code="a">v. :</subfield><subfield code="b">ill. ;</subfield><subfield code="c">38 cm.</subfield></datafield><datafield ind1=" " ind2=" " tag="310"><subfield code="a">Weekly</subfield></datafield><datafield ind1=" " ind2=" " tag="588"><subfield code="a">Description based on: Vol. 1, issue 18 (June 28, 1996).</subfield></datafield><datafield ind1=" " ind2="0" tag="651"><subfield code="a">Arab countries</subfield><subfield code="v">Newspapers.</subfield></datafield><datafield ind1=" " ind2="0" tag="651"><subfield code="a">Middle East</subfield><subfield code="v">Newspapers.</subfield></datafield><datafield ind1=" " ind2="7" tag="655"><subfield code="a">Newspapers.</subfield><subfield code="2">fast</subfield><subfield code="0">(OCoLC)fst01423814</subfield></datafield><datafield ind1=" " ind2="7" tag="651"><subfield code="a">Arab countries.</subfield><subfield code="2">fast</subfield><subfield code="0">(OCoLC)fst01240128</subfield></datafield><datafield ind1=" " ind2="7" tag="651"><subfield code="a">Middle East.</subfield><subfield code="2">fast</subfield><subfield code="0">(OCoLC)fst01241586</subfield></datafield><datafield ind1=" " ind2=" " tag="752"><subfield code="a">United States</subfield><subfield code="b">New York</subfield><subfield code="c">Queens</subfield><subfield code="d">Astoria.</subfield></datafield><datafield ind1="0" ind2="0" tag="880"><subfield code="6">245-01/(3/r</subfield><subfield code="a">&#8207;&#1593;&#1585;&#1576; &#1576;&#1608;&#1587;&#1578;.</subfield></datafield></record>